%YAML 1.1
%TAG !u! tag:unity3d.com,2011:
--- !u!1001 &100100000
Prefab:
  m_ObjectHideFlags: 1
  serializedVersion: 2
  m_Modification:
    m_TransformParent: {fileID: 0}
    m_Modifications: []
    m_RemovedComponents: []
  m_ParentPrefab: {fileID: 0}
  m_RootGameObject: {fileID: 1706438865976400}
  m_IsPrefabParent: 1
--- !u!1 &1706438865976400
GameObject:
  m_ObjectHideFlags: 0
  m_PrefabParentObject: {fileID: 0}
  m_PrefabInternal: {fileID: 100100000}
  serializedVersion: 5
  m_Component:
  - component: {fileID: 4392375418794404}
  - component: {fileID: 114580515654434294}
  - component: {fileID: 114132683588268036}
  - component: {fileID: 114820943283261960}
  - component: {fileID: 114677098969487130}
  - component: {fileID: 114452518066619738}
  - component: {fileID: 114291909121372746}
  - component: {fileID: 114877759503605134}
  m_Layer: 0
  m_Name: SoundManager
  m_TagString: Untagged
  m_Icon: {fileID: 0}
  m_NavMeshLayer: 0
  m_StaticEditorFlags: 0
  m_IsActive: 1
--- !u!4 &4392375418794404
Transform:
  m_ObjectHideFlags: 1
  m_PrefabParentObject: {fileID: 0}
  m_PrefabInternal: {fileID: 100100000}
  m_GameObject: {fileID: 1706438865976400}
  m_LocalRotation: {x: 0, y: 0, z: 0, w: 1}
  m_LocalPosition: {x: -12.594273, y: 4.1124763, z: 1.5511581}
  m_LocalScale: {x: 1, y: 1, z: 1}
  m_Children: []
  m_Father: {fileID: 0}
  m_RootOrder: 0
  m_LocalEulerAnglesHint: {x: 0, y: 0, z: 0}
--- !u!114 &114132683588268036
MonoBehaviour:
  m_ObjectHideFlags: 1
  m_PrefabParentObject: {fileID: 0}
  m_PrefabInternal: {fileID: 100100000}
  m_GameObject: {fileID: 1706438865976400}
  m_Enabled: 1
  m_EditorHideFlags: 0
  m_Script: {fileID: 11500000, guid: 069b62c63a09bff4fb6cd1eb68203733, type: 3}
  m_Name: 
  m_EditorClassIdentifier: 
  basePath: Audio\GeneratedSoundBanks
  language: English(US)
  defaultPoolSize: 4096
  lowerPoolSize: 2048
  streamingPoolSize: 1024
  preparePoolSize: 0
  memoryCutoffThreshold: 0.95
  monitorPoolSize: 128
  monitorQueuePoolSize: 64
  callbackManagerBufferSize: 4
  spatialAudioPoolSize: 4096
  maxSoundPropagationDepth: 8
  diffractionFlags: 11
  engineLogging: 1
--- !u!114 &114291909121372746
MonoBehaviour:
  m_ObjectHideFlags: 1
  m_PrefabParentObject: {fileID: 0}
  m_PrefabInternal: {fileID: 100100000}
  m_GameObject: {fileID: 1706438865976400}
  m_Enabled: 1
  m_EditorHideFlags: 0
  m_Script: {fileID: 11500000, guid: 9c19332d4b111b941887edf56c65c9d9, type: 3}
  m_Name: 
  m_EditorClassIdentifier: 
  triggerList: ae8d9d44
  useOtherObject: 0
  actionOnEventType: 0
  curveInterpolation: 4
  enableActionOnEvent: 0
  eventID: -1362926625
  m_callbackData: {fileID: 0}
  playingId: 0
  soundEmitterObject: {fileID: 0}
  transitionDuration: 0
  valueGuid: 8e7c7b05b3a0bb44b4e2066e25212ed9
--- !u!114 &114452518066619738
MonoBehaviour:
  m_ObjectHideFlags: 1
  m_PrefabParentObject: {fileID: 0}
  m_PrefabInternal: {fileID: 100100000}
  m_GameObject: {fileID: 1706438865976400}
  m_Enabled: 1
  m_EditorHideFlags: 0
  m_Script: {fileID: 11500000, guid: dd3f27c0122608e42bb63588058c8d9a, type: 3}
  m_Name: 
  m_EditorClassIdentifier: 
  m_listeners:
    initialListenerList: []
    useDefaultListeners: 1
  isEnvironmentAware: 0
  isStaticObject: 0
  m_positionOffsetData:
    KeepMe: 0
    positionOffset: {x: 0, y: 0, z: 0}
  m_posOffsetData: {fileID: 0}
  listenerMask: 1
--- !u!114 &114580515654434294
MonoBehaviour:
  m_ObjectHideFlags: 1
  m_PrefabParentObject: {fileID: 0}
  m_PrefabInternal: {fileID: 100100000}
  m_GameObject: {fileID: 1706438865976400}
  m_Enabled: 1
  m_EditorHideFlags: 0
  m_Script: {fileID: 11500000, guid: baa5476a55718f747a0038f03e5694be, type: 3}
  m_Name: 
  m_EditorClassIdentifier: 
--- !u!114 &114677098969487130
MonoBehaviour:
  m_ObjectHideFlags: 1
  m_PrefabParentObject: {fileID: 0}
  m_PrefabInternal: {fileID: 100100000}
  m_GameObject: {fileID: 1706438865976400}
  m_Enabled: 1
  m_EditorHideFlags: 0
  m_Script: {fileID: 11500000, guid: 7947fcde9d6ef964b8c70ba69c38115d, type: 3}
  m_Name: 
  m_EditorClassIdentifier: 
--- !u!114 &114820943283261960
MonoBehaviour:
  m_ObjectHideFlags: 1
  m_PrefabParentObject: {fileID: 0}
  m_PrefabInternal: {fileID: 100100000}
  m_GameObject: {fileID: 1706438865976400}
  m_Enabled: 1
  m_EditorHideFlags: 0
  m_Script: {fileID: 11500000, guid: 87402b2371327814cb47032012878a23, type: 3}
  m_Name: 
  m_EditorClassIdentifier: 
  triggerList: f7e1664c
  useOtherObject: 0
  bankName: Codex
  decodeBank: 0
  loadAsynchronous: 0
  saveDecodedBank: 0
  unloadTriggerList: 958ca0ea
  valueGuid: 7a52478a92d5cb4f9d524fc268a50cb4
--- !u!114 &114877759503605134
MonoBehaviour:
  m_ObjectHideFlags: 1
  m_PrefabParentObject: {fileID: 0}
  m_PrefabInternal: {fileID: 100100000}
  m_GameObject: {fileID: 1706438865976400}
  m_Enabled: 1
  m_EditorHideFlags: 0
  m_Script: {fileID: 11500000, guid: cebd6f55419c4174aa550a1a5de9b98e, type: 3}
  m_Name: 
  m_EditorClassIdentifier: 
  triggerList: f7e1664c
  useOtherObject: 0
  groupID: -559977733
  valueID: -672693900
  groupGuid: 353908cec302014d8c4e601430a9bfea
  valueGuid: 4e12fbc571143b44a6c36eb59bb996a8
